@article{tas-survey,
  title = {Temporal action segmentation: An analysis of modern techniques},
  author = {Ding, Guodong and Sener, Fadime and Yao, Angela},
  journal = {IEEE Transactions on Pattern Analysis and Machine Intelligence},
  year = {2023},
  publisher = {IEEE}
}

@article{assembly101-dataset,
  title = {Assembly101: A Large-Scale Multi-View Video Dataset for Understanding Procedural Activities},
  author = {F. Sener and D. Chatterjee and D. Shelepov and K. He and D. Singhania and R. Wang and A. Yao},
  journal = {CVPR 2022},
}

@article{gtea-dataset,
  title = {TricorNet: A Hybrid Temporal Convolutional and Recurrent Network for Video Action Segmentation},
  author = {Li Ding and Chenliang Xu},
  booktitle={ICLR},
  year = {2018},
}

@article{kinetics-400-dataset,
  title = {The Kinetics Human Action Video Dataset},
  author = {Kay, Will and Carreira, Joao and Simonyan, Karen and Zhang, Brian and Hillier, Chloe and Vijayanarasimhan, Sudheendra and Viola, Fabio and Green, Tim and Back, Trevor and Natsev, Paul and others},
  journal = {arXiv preprint arXiv:1705.06950},
  year = {2017}
}

@article{kinetics-700-dataset,
  title = {A Short Note on the Kinetics-700 Human Action Dataset},
  author = {Carreira, Joao and Noland, Eric and Hillier, Chloe and Zisserman, Andrew},
  journal = {arXiv preprint arXiv:1907.06987},
  year = {2019}
}

@article{kinetics-600-dataset,
  title={A Short Note about Kinetics-600},
  author = {Carreira, Jo√£o and Noland, Eric and Banki-Horvath, Andras and Hillier, Chloe and Zisserman, Andrew},
  journal = {arXiv preprint arXiv:1808.01340},
  year = {2018},
  url = {https://arxiv.org/abs/1808.01340}
}

@inproceedings{howto100m-dataset,
  title={How{T}o100{M}: {L}earning a {T}ext-{V}ideo {E}mbedding by {W}atching {H}undred {M}illion {N}arrated {V}ideo {C}lips},
  author={Miech, Antoine and Zhukov, Dimitri and Alayrac, Jean-Baptiste and Tapaswi, Makarand and Laptev, Ivan and Sivic, Josef},
  booktitle={ICCV},
  year={2019},
}

@article{something-something-dataset,
  title = {The 'something something' video database for learning and evaluating visual common sense},
  author = {Goyal, Raghav and Ebrahimi Kahou, Samira and Michalski, Vincent and Materzy{\'n}ska, Joanna and Westphal, Susanne and Kim, Heuna and Haenel, Valentin and Fruend, Ingo and Yianilos, Peter and Mueller-Freitag, Moritz and Hoppe, Florian and Thurau, Christian and Bax, Ingo and Memisevic, Roland},
  journal = {arXiv preprint arXiv:1706.04261},
  year = {2017},
  url = {https://arxiv.org/abs/1706.04261}
}